@phdthesis{Hardmeier2012Discourse,
	author = {Hardmeier, Christian},
	journal = {Discours. Revue de linguistique, psycholinguistique et informatique},
	number = 11,
	publisher = {Laboratoire LATTICE, UMR 8094 ENS/CNRS},
	title = {Discourse in statistical machine translation. a survey and a case study},
	year = 2012
}

@phdthesis{Sahlgren2006WordSpace,
	address = {Stockholm, Sweden},
	author = {Sahlgren, Magnus},
	school = {Stockholm University},
	title = {The Word-Space Model: Using Distributional Analysis to Represent Syntagmatic and Paradigmatic Relations between Words in High-Dimensional Vector Spaces},
	year = 2006
}
