@inproceedings{Hardmeier2013Latent,
	author = {Hardmeier, Christian and Tiedemann, Jörg and Nivre, Joakim},
	booktitle = {Proceedings of the 2013 Conference on Empirical Methods in Natural Language Processing},
	pages = {380-391},
	title = {Latent Anaphora Resolution for Cross-Lingual Pronoun Prediction},
	url = {http://www.diva-portal.org/smash/record.jsf?pid=diva2:683314},
	year = 2013
}

@inproceedings{Bergstra2010Theano,
	address = {Austin, TX},
	author = {Bergstra, James and Breuleux, Olivier and Bastien, Frédéric and Lamblin, Pascal and Pascanu, Razvan and Desjardins, Guillaume and Turian, Joseph and Warde-Farley, David and Bengio, Yoshua},
	booktitle = {Proceedings of the Python for Scientific Computing Conference (SciPy)},
	title = {Theano: a CPU and GPU Math Expression Compiler},
	year = 2010
}

@inproceedings{Glorot2010Understanding,
	author = {Glorot, Xavier and Bengio, Yoshua},
	booktitle = {International conference on artificial intelligence and statistics},
	pages = {249-256},
	title = {Understanding the difficulty of training deep feedforward neural networks},
	url = {http://machinelearning.wustl.edu/mlpapers/paper\_files/AISTATS2010\_GlorotB10.pdf},
	year = 2010
}

@inproceedings{Lecun2012Efficient,
	author = {LeCun, Yann A. and Bottou, Léon and Orr, Genevieve B. and Müller, Klaus-Robert},
	booktitle = {Neural networks: Tricks of the trade},
	pages = {9-48},
	publisher = {Springer},
	title = {Efficient backprop},
	url = {http://link.springer.com/chapter/10.1007/978-3-642-35289-8\_3},
	year = 2012
}
